 @article{knapsack,
 title={The Complexity of the 0/1 Multiknapsack Problem},
 volume={1},
 number={1},
 journal={Journal of Computer Science and Technology},
 author={Li'ang, Zhang and Suyun, Geng},
 year={1986},
 pages={46â€“50}
 } 
 
 @article{korf,
 title={Optimal Rectangle Packing: Initial Results},
 journal={American Association for Artificial Intelligence},
 author={Korf, Richard E.},
 year={2003}} 
 
 @book{cormen,
  title={Introduction To Algorithms. Third edtition.},
  author={Cormen, T.H. and Leiserson, C.E. and Rivest, R.L. and Stein, C.},
  isbn={9780262533058},
  series={Introduction to Algorithms},
  year={2009},
  publisher={MIT Press}
}

